@article{DBLP:journals/corr/abs-1809-06839,
  author       = {Alexander V. Buslaev and
                  Alex Parinov and
                  Eugene Khvedchenya and
                  Vladimir I. Iglovikov and
                  Alexandr A. Kalinin},
  title        = {Albumentations: fast and flexible image augmentations},
  journal      = {CoRR},
  volume       = {abs/1809.06839},
  year         = {2018},
  url          = {http://arxiv.org/abs/1809.06839},
  eprinttype    = {arXiv},
  eprint       = {1809.06839},
  timestamp    = {Fri, 05 Oct 2018 11:34:52 +0200},
  biburl       = {https://dblp.org/rec/journals/corr/abs-1809-06839.bib},
  bibsource    = {dblp computer science bibliography, https://dblp.org}
}

@article{DBLP:journals/corr/RonnebergerFB15,
  author       = {Olaf Ronneberger and
                  Philipp Fischer and
                  Thomas Brox},
  title        = {U-Net: Convolutional Networks for Biomedical Image Segmentation},
  journal      = {CoRR},
  volume       = {abs/1505.04597},
  year         = {2015},
  url          = {http://arxiv.org/abs/1505.04597},
  eprinttype    = {arXiv},
  eprint       = {1505.04597},
  timestamp    = {Mon, 13 Aug 2018 16:46:52 +0200},
  biburl       = {https://dblp.org/rec/journals/corr/RonnebergerFB15.bib},
  bibsource    = {dblp computer science bibliography, https://dblp.org}
}

@article{DBLP:journals/corr/abs-2112-10752,
  author       = {Robin Rombach and
                  Andreas Blattmann and
                  Dominik Lorenz and
                  Patrick Esser and
                  Bj{\"{o}}rn Ommer},
  title        = {High-Resolution Image Synthesis with Latent Diffusion Models},
  journal      = {CoRR},
  volume       = {abs/2112.10752},
  year         = {2021},
  url          = {https://arxiv.org/abs/2112.10752},
  eprinttype    = {arXiv},
  eprint       = {2112.10752},
  timestamp    = {Tue, 04 Jan 2022 15:59:27 +0100},
  biburl       = {https://dblp.org/rec/journals/corr/abs-2112-10752.bib},
  bibsource    = {dblp computer science bibliography, https://dblp.org}
}

@misc{goodfellow2014generativeadversarialnetworks,
      title={Generative Adversarial Networks}, 
      author={Ian J. Goodfellow and Jean Pouget-Abadie and Mehdi Mirza and Bing Xu and David Warde-Farley and Sherjil Ozair and Aaron Courville and Yoshua Bengio},
      year={2014},
      eprint={1406.2661},
      archivePrefix={arXiv},
      primaryClass={stat.ML},
      url={https://arxiv.org/abs/1406.2661}, 
}

@misc{li2024simplebackgroundaugmentationmethod,
      title={A Simple Background Augmentation Method for Object Detection with Diffusion Model}, 
      author={Yuhang Li and Xin Dong and Chen Chen and Weiming Zhuang and Lingjuan Lyu},
      year={2024},
      eprint={2408.00350},
      archivePrefix={arXiv},
      primaryClass={cs.CV},
      url={https://arxiv.org/abs/2408.00350}, 
}

@INPROCEEDINGS{10484172,
  author={Fang, Haoyang and Han, Boran and Zhang, Shuai and Zhou, Su and Hu, Cuixiong and Ye, Wen-Ming},
  booktitle={2024 IEEE/CVF Winter Conference on Applications of Computer Vision (WACV)}, 
  title={Data Augmentation for Object Detection via Controllable Diffusion Models}, 
  year={2024},
  volume={},
  number={},
  pages={1246-1255},
  keywords={Visualization;Computer vision;Annotations;Pipelines;Object detection;Data augmentation;Data models;Algorithms;Image recognition and understanding;Algorithms;Generative models for image;video;3D;etc},
  doi={10.1109/WACV57701.2024.00129}}

@misc{zhang2023diffusionenginediffusionmodelscalable,
      title={DiffusionEngine: Diffusion Model is Scalable Data Engine for Object Detection}, 
      author={Manlin Zhang and Jie Wu and Yuxi Ren and Ming Li and Jie Qin and Xuefeng Xiao and Wei Liu and Rui Wang and Min Zheng and Andy J. Ma},
      year={2023},
      eprint={2309.03893},
      archivePrefix={arXiv},
      primaryClass={cs.CV},
      url={https://arxiv.org/abs/2309.03893}, 
}

@misc{tang2025aerogenenhancingremotesensing,
      title={AeroGen: Enhancing Remote Sensing Object Detection with Diffusion-Driven Data Generation}, 
      author={Datao Tang and Xiangyong Cao and Xuan Wu and Jialin Li and Jing Yao and Xueru Bai and Dongsheng Jiang and Yin Li and Deyu Meng},
      year={2025},
      eprint={2411.15497},
      archivePrefix={arXiv},
      primaryClass={cs.CV},
      url={https://arxiv.org/abs/2411.15497}, 
}

@misc{ma2025eraseredrawnoveldata,
      title={Erase, then Redraw: A Novel Data Augmentation Approach for Free Space Detection Using Diffusion Model}, 
      author={Fulong Ma and Weiqing Qi and Guoyang Zhao and Ming Liu and Jun Ma},
      year={2025},
      eprint={2409.20164},
      archivePrefix={arXiv},
      primaryClass={cs.CV},
      url={https://arxiv.org/abs/2409.20164}, 
}

@misc{alimisis2025advancesdiffusionmodelsimage,
      title={Advances in Diffusion Models for Image Data Augmentation: A Review of Methods, Models, Evaluation Metrics and Future Research Directions}, 
      author={Panagiotis Alimisis and Ioannis Mademlis and Panagiotis Radoglou-Grammatikis and Panagiotis Sarigiannidis and Georgios Th. Papadopoulos},
      year={2025},
      eprint={2407.04103},
      archivePrefix={arXiv},
      primaryClass={cs.CV},
      url={https://arxiv.org/abs/2407.04103}, 
}

@misc{yin2023ttidacontrollablegenerativedata,
      title={TTIDA: Controllable Generative Data Augmentation via Text-to-Text and Text-to-Image Models}, 
      author={Yuwei Yin and Jean Kaddour and Xiang Zhang and Yixin Nie and Zhenguang Liu and Lingpeng Kong and Qi Liu},
      year={2023},
      eprint={2304.08821},
      archivePrefix={arXiv},
      primaryClass={cs.CV},
      url={https://arxiv.org/abs/2304.08821}, 
}

@misc{kupyn2024datasetenhancementinstancelevelaugmentations,
      title={Dataset Enhancement with Instance-Level Augmentations}, 
      author={Orest Kupyn and Christian Rupprecht},
      year={2024},
      eprint={2406.08249},
      archivePrefix={arXiv},
      primaryClass={cs.CV},
      url={https://arxiv.org/abs/2406.08249}, 
}

@misc{zhu2024surveyopenvocabularydetectionsegmentation,
      title={A Survey on Open-Vocabulary Detection and Segmentation: Past, Present, and Future}, 
      author={Chaoyang Zhu and Long Chen},
      year={2024},
      eprint={2307.09220},
      archivePrefix={arXiv},
      primaryClass={cs.CV},
      url={https://arxiv.org/abs/2307.09220}, 
}

@article{DBLP:journals/corr/RedmonDGF15,
  author       = {Joseph Redmon and
                  Santosh Kumar Divvala and
                  Ross B. Girshick and
                  Ali Farhadi},
  title        = {You Only Look Once: Unified, Real-Time Object Detection},
  journal      = {CoRR},
  volume       = {abs/1506.02640},
  year         = {2015},
  url          = {http://arxiv.org/abs/1506.02640},
  eprinttype    = {arXiv},
  eprint       = {1506.02640},
  timestamp    = {Mon, 13 Aug 2018 16:48:08 +0200},
  biburl       = {https://dblp.org/rec/journals/corr/RedmonDGF15.bib},
  bibsource    = {dblp computer science bibliography, https://dblp.org}
}

@article{DBLP:journals/corr/abs-2005-12872,
  author       = {Nicolas Carion and
                  Francisco Massa and
                  Gabriel Synnaeve and
                  Nicolas Usunier and
                  Alexander Kirillov and
                  Sergey Zagoruyko},
  title        = {End-to-End Object Detection with Transformers},
  journal      = {CoRR},
  volume       = {abs/2005.12872},
  year         = {2020},
  url          = {https://arxiv.org/abs/2005.12872},
  eprinttype    = {arXiv},
  eprint       = {2005.12872},
  timestamp    = {Thu, 28 May 2020 17:38:09 +0200},
  biburl       = {https://dblp.org/rec/journals/corr/abs-2005-12872.bib},
  bibsource    = {dblp computer science bibliography, https://dblp.org}
}

@article{DBLP:journals/corr/abs-1909-00161,
  author       = {Wenpeng Yin and
                  Jamaal Hay and
                  Dan Roth},
  title        = {Benchmarking Zero-shot Text Classification: Datasets, Evaluation and
                  Entailment Approach},
  journal      = {CoRR},
  volume       = {abs/1909.00161},
  year         = {2019},
  url          = {http://arxiv.org/abs/1909.00161},
  eprinttype    = {arXiv},
  eprint       = {1909.00161},
  timestamp    = {Mon, 16 Sep 2019 17:27:14 +0200},
  biburl       = {https://dblp.org/rec/journals/corr/abs-1909-00161.bib},
  bibsource    = {dblp computer science bibliography, https://dblp.org}
}

@article{DBLP:journals/corr/abs-2201-12086,
  author       = {Junnan Li and
                  Dongxu Li and
                  Caiming Xiong and
                  Steven C. H. Hoi},
  title        = {{BLIP:} Bootstrapping Language-Image Pre-training for Unified Vision-Language
                  Understanding and Generation},
  journal      = {CoRR},
  volume       = {abs/2201.12086},
  year         = {2022},
  url          = {https://arxiv.org/abs/2201.12086},
  eprinttype    = {arXiv},
  eprint       = {2201.12086},
  timestamp    = {Wed, 02 Feb 2022 15:00:01 +0100},
  biburl       = {https://dblp.org/rec/journals/corr/abs-2201-12086.bib},
  bibsource    = {dblp computer science bibliography, https://dblp.org}
}

@misc{yang2025qwen3technicalreport,
      title={Qwen3 Technical Report}, 
      author={An Yang and Anfeng Li and Baosong Yang and Beichen Zhang and Binyuan Hui and Bo Zheng and Bowen Yu and Chang Gao and Chengen Huang and Chenxu Lv and Chujie Zheng and Dayiheng Liu and Fan Zhou and Fei Huang and Feng Hu and Hao Ge and Haoran Wei and Huan Lin and Jialong Tang and Jian Yang and Jianhong Tu and Jianwei Zhang and Jianxin Yang and Jiaxi Yang and Jing Zhou and Jingren Zhou and Junyang Lin and Kai Dang and Keqin Bao and Kexin Yang and Le Yu and Lianghao Deng and Mei Li and Mingfeng Xue and Mingze Li and Pei Zhang and Peng Wang and Qin Zhu and Rui Men and Ruize Gao and Shixuan Liu and Shuang Luo and Tianhao Li and Tianyi Tang and Wenbiao Yin and Xingzhang Ren and Xinyu Wang and Xinyu Zhang and Xuancheng Ren and Yang Fan and Yang Su and Yichang Zhang and Yinger Zhang and Yu Wan and Yuqiong Liu and Zekun Wang and Zeyu Cui and Zhenru Zhang and Zhipeng Zhou and Zihan Qiu},
      year={2025},
      eprint={2505.09388},
      archivePrefix={arXiv},
      primaryClass={cs.CL},
      url={https://arxiv.org/abs/2505.09388}, 
}

@misc{flux2024,
    author={Black Forest Labs},
    title={FLUX},
    year={2024},
    howpublished={\url{https://github.com/black-forest-labs/flux}},
}

@misc{sun2023alphaclipclipmodelfocusing,
      title={Alpha-CLIP: A CLIP Model Focusing on Wherever You Want}, 
      author={Zeyi Sun and Ye Fang and Tong Wu and Pan Zhang and Yuhang Zang and Shu Kong and Yuanjun Xiong and Dahua Lin and Jiaqi Wang},
      year={2023},
      eprint={2312.03818},
      archivePrefix={arXiv},
      primaryClass={cs.CV},
      url={https://arxiv.org/abs/2312.03818}, 
}

@article{DBLP:journals/corr/abs-2103-00020,
  author       = {Alec Radford and
                  Jong Wook Kim and
                  Chris Hallacy and
                  Aditya Ramesh and
                  Gabriel Goh and
                  Sandhini Agarwal and
                  Girish Sastry and
                  Amanda Askell and
                  Pamela Mishkin and
                  Jack Clark and
                  Gretchen Krueger and
                  Ilya Sutskever},
  title        = {Learning Transferable Visual Models From Natural Language Supervision},
  journal      = {CoRR},
  volume       = {abs/2103.00020},
  year         = {2021},
  url          = {https://arxiv.org/abs/2103.00020},
  eprinttype    = {arXiv},
  eprint       = {2103.00020},
  timestamp    = {Thu, 04 Mar 2021 17:00:40 +0100},
  biburl       = {https://dblp.org/rec/journals/corr/abs-2103-00020.bib},
  bibsource    = {dblp computer science bibliography, https://dblp.org}
}

@article{DBLP:journals/corr/LinMBHPRDZ14,
  author       = {Tsung{-}Yi Lin and
                  Michael Maire and
                  Serge J. Belongie and
                  Lubomir D. Bourdev and
                  Ross B. Girshick and
                  James Hays and
                  Pietro Perona and
                  Deva Ramanan and
                  Piotr Doll{\'{a}}r and
                  C. Lawrence Zitnick},
  title        = {Microsoft {COCO:} Common Objects in Context},
  journal      = {CoRR},
  volume       = {abs/1405.0312},
  year         = {2014},
  url          = {http://arxiv.org/abs/1405.0312},
  eprinttype    = {arXiv},
  eprint       = {1405.0312},
  timestamp    = {Mon, 13 Aug 2018 16:48:13 +0200},
  biburl       = {https://dblp.org/rec/journals/corr/LinMBHPRDZ14.bib},
  bibsource    = {dblp computer science bibliography, https://dblp.org}
}

@misc{pascal-voc-2007,
	author = "Everingham, M. and Van~Gool, L. and Williams, C. K. I. and Winn, J. and Zisserman, A.",
	title = "The {PASCAL} {V}isual {O}bject {C}lasses {C}hallenge 2007 {(VOC2007)} {R}esults",
	howpublished = "http://www.pascal-network.org/challenges/VOC/voc2007/workshop/index.html"}	



@misc{lipman2023flowmatchinggenerativemodeling,
      title={Flow Matching for Generative Modeling}, 
      author={Yaron Lipman and Ricky T. Q. Chen and Heli Ben-Hamu and Maximilian Nickel and Matt Le},
      year={2023},
      eprint={2210.02747},
      archivePrefix={arXiv},
      primaryClass={cs.LG},
      url={https://arxiv.org/abs/2210.02747}, 
}

@misc{Garage2024,
    author={Dorin Daniil and et.al},
    title={Garage},
    year={2024},
    howpublished={\url{https://github.com/DorinDaniil/Garage}},
}


@inproceedings{NIPS2012_c399862d,
 author = {Krizhevsky, Alex and Sutskever, Ilya and Hinton, Geoffrey E},
 booktitle = {Advances in Neural Information Processing Systems},
 editor = {F. Pereira and C.J. Burges and L. Bottou and K.Q. Weinberger},
 pages = {},
 publisher = {Curran Associates, Inc.},
 title = {ImageNet Classification with Deep Convolutional Neural Networks},
 url = {https://proceedings.neurips.cc/paper_files/paper/2012/file/c399862d3b9d6b76c8436e924a68c45b-Paper.pdf},
 volume = {25},
 year = {2012}
}